
@misc{D8.1,
  title = {Platform Requirements Analysis and System Design},
  author = {Iacopo Carreras},
  howpublished={SmartSociety FP7 Project Deliverable D8.1},
year={2013},
month={Dec.},
}

@misc{D7.1,
  title = {Virtualization Techniques and Prototypes},
  author = {Hong-Linh Truong and Ognjen Scekic},
 howpublished={SmartSociety FP7 Project Deliverable D7.1},
year={2014},
month={Dec.},
}

@misc{D6.2,
  title = {Static social orchestration: implementation and evaluation},
  author = {Michael Rovatsos},
   howpublished={SmartSociety FP7 Project Deliverable D6.2},
year={2014},
month={Dec.},
}

@misc{D4.2,
  title = {Peer Search in Smart Societies},
  author = {Alethia Hume},
   howpublished={SmartSociety FP7 Project Deliverable D4.2},
year={2014},
month={Dec.},
}

@misc{D2.2,
title={Provenance, Trust, Reputation and Big Data},
author={Luc Moreau},
   howpublished={SmartSociety FP7 Project Deliverable D2.2},
year={2014},
month={Dec.},
}

@misc{D3.2,
title={Models for human/machine symbiosis: final results},
author={George Kampis},
   howpublished={SmartSociety FP7 Project Deliverable D3.2},
year={2014},
month={Oct.},
}

@misc{D2.1,
title={Provenance, Trust and Reputation: Early Results and Progress Report},
author={Luc Moreau},
   howpublished={SmartSociety FP7 Project Deliverable D2.1},
year={2013},
month={Dec.},
}